@InProceedings{C2,
  author = 	 "Jones, C.D. and Smith, A.B. and Roberts, E.F.",
  title =        "Article Title",
  booktitle =        "Proceedings Title",
  organization = "IEEE",
  year = 	 "2003",
  volume = 	 "II",
  pages = 	 "803-806"
}


@article{kronauge_new_2014,
    author = {Kronauge, Matthias and Rohling, Hermann},
	title = {New chirp sequence radar waveform},
    journal = {IEEE Transactions on Aerospace and Electronic Systems},
    year = {2014},
	volume = {50},
    pages = {2870--2877}
}


@article{raytracer_input,
    author = {Yun, Zhengqing and Iskander, Magdy F.},
	title = {Ray {Tracing} for {Radio} {Propagation} {Modeling}: {Principles} and {Applications}},
    journal = {IEEE Access},
    year = {2015},
	volume = {3},
    pages = {1089--1100},
	url = {http://ieeexplore.ieee.org/document/7152831/}
}

@misc{blender,
    author = {Foundation, Blender},
	title = {blender.org - {Home} of the {Blender} project - {Free} and {Open} {3D} {Creation} {Software}},
	journal = {blender.org},
    url = {https://www.blender.org/}
}


@inproceedings{raytracing_introduction, 
    author = {Whitted, Turner},
    title = {An improved illumination model for shaded display},
    booktitle = {ACM SIGGRAPH 2005 Courses}, 
    publisher = {Association for Computing Machinery},
    year = {2005}, 
    pages = {4–es},
    url = {https://doi.org/10.1145/1198555.1198743}
}

@INPROCEEDINGS{disadvantage_UWB,
    author={Poulose, Alwin and Emeršič, Žiga and Steven Eyobu, Odongo and Seog Han, Dong},
    title={An Accurate Indoor User Position Estimator For Multiple Anchor UWB Localization},
    booktitle={2020 International Conference on Information and Communication Technology Convergence (ICTC)}, 
    year={2020},
    pages={478-482}
}


@article{UWB,
    author = {Qu, Junwei},
	title = {A review of {UWB} indoor positioning},
    journal = {Journal of Physics: Conference Series},
    year = {2023},
	volume = {2669},
    pages = {012003},
	url = {https://dx.doi.org/10.1088/1742-6596/2669/1/012003}
}


@INPROCEEDINGS{cost_BLE,
    author={Memon, Sugandh and Memon, Mehran M. and Shaikh, Faisal K. and Laghari, Shakeel},
    title={Smart indoor positioning using BLE technology},
    booktitle={2017 4th IEEE International Conference on Engineering Technologies and Applied Sciences (ICETAS)}, 
    year={2017},
    pages={1-5}
}


@inproceedings{BLE,
    author={Garg, Ashish and Gupta, Amit},
    title={Indoor tracking using BLE-brief survey of techniques},
    booktitle={International Conference on Data Sciences and Machine Learning (ICDSML-2020)},
    year={2020},
    pages={1--3},
}

@article{fingerprinting,
    author = {Shang, Shuang and Wang, Lixing},
	title = {Overview of {WiFi} fingerprinting-based indoor positioning},
    journal = {IET Communications},
    year = {2022},
	volume = {16},
    pages = {725--733},
	url = {https://ietresearch.onlinelibrary.wiley.com/doi/abs/10.1049/cmu2.12386}
}


@article{methods_indoor_positioning,
    author = {Pascacio, Pavel and Casteleyn, Sven and Torres-Sospedra, Joaquín and Lohan, Elena Simona and Nurmi, Jari},
	title = {Collaborative {Indoor} {Positioning} {Systems}: {A} {Systematic} {Review}},
    journal = {Sensors},
    year = {2021},
	volume = {21},
    number = {3},
	url = {https://www.mdpi.com/1424-8220/21/3/1002}	
}


@article{usage_AMR,
    author = {Raj, Ravi and Kos, Andrzej},
	title = {A {Comprehensive} {Study} of {Mobile} {Robot}: {History}, {Developments}, {Applications}, and {Future} {Research} {Perspectives}},
    journal = {Applied Sciences},
    year = {2022},
	volume = {12},
    number = {14},
	url = {https://www.mdpi.com/2076-3417/12/14/6951}
}

@article{cfar_calculation,
    author = {Katzlberger, Christina},
	title = {Object {Detection} with {Automotive} {Radar} {Sensors} using {CFAR} {Algorithms}},
    orgainzation = {Insititute of Signal Processing, Johannes Kepler University Linz},
    year = {2018},
    pages = {7--9}
}

@misc{cfar,
	title = {Constant {False} {Alarm} {Rate} ({CFAR}) {Detection} - {MATLAB} \& {Simulink} - {MathWorks} {Deutschland}},
	url = {https://de.mathworks.com/help/phased/ug/constant-false-alarm-rate-cfar-detection.html}
}

@misc{quaternion_transform,
	title = {How to {Convert} a {Quaternion} to a {Rotation} {Matrix} – {Automatic} {Addison}},
    year = {2020},
	url = {https://automaticaddison.com/how-to-convert-a-quaternion-to-a-rotation-matrix/}
}

@misc{trajectory_generation,
	title = {Waypoint trajectory generator - {MATLAB} - {MathWorks} {Deutschland}},
	url = {https://de.mathworks.com/help/nav/ref/waypointtrajectory-system-object.html}
}

@misc{rcs_plausibility,
	title = {Calculate and plot monostatic and bistatic radar cross section ({RCS}) of platform, antenna, or array - {MATLAB} rcs - {MathWorks} {Deutschland}},
	url = {https://de.mathworks.com/help/antenna/ref/cavity.rcs.html}
}


@misc{optimization_operation,
	title = {Maximizing {Gain} and {Improving} {Impedance} {Bandwidth} of {E}-{Patch} {Antenna} - {MATLAB} \& {Simulink} - {MathWorks} {Deutschland}},
	url = {https://de.mathworks.com/help/antenna/ug/maximizing-gain-and-improving-impedance-bandwidth-of-e-patch-antenna.html}
}

@misc{datasheet,
    author = {AG, Infineon Technologies},
	title = {{BGT60TR13C} {\textbar} {XENSIV} {60GHz} radar sensor for advanced sensing - {Infineon} {Technologies}}
}

@misc{blender_furniture,
	title = {Furniture {Free} {3D} {Models} {Blender} - .blend download - {Free3D}},
	url = {https://free3d.com/3d-models/blender-furniture}
}

@misc{patchMicrostrip,
	title = {Create regular or {AI}-based microstrip patch antenna - {MATLAB} - {MathWorks} {Deutschland}},
	url = {https://de.mathworks.com/help/antenna/ref/patchmicrostrip.html}
}

@misc{coordinate_definition,
	title = {Spherical {Coordinates} - {MATLAB} \& {Simulink} - {MathWorks} {Deutschland}},
	url = {https://de.mathworks.com/help/phased/ug/spherical-coordinates.html}
}

@misc{los_function,
	title = {Display or compute line-of-sight ({LOS}) visibility status - {MATLAB} los - {MathWorks} {Deutschland}},
	url = {https://de.mathworks.com/help/antenna/ref/txsite.los.html}
}


@misc{rays_properties,
	title = {Create {RF} propagation ray - {MATLAB} - {MathWorks} {Deutschland}},
	url = {https://de.mathworks.com/help/comm/ref/comm.ray.html}
}

@inproceedings{ray_tracer_inputs,
    author = {Schaubach, K.R. and Davis, N.J. and Rappaport, T.S.},
	address = {Denver, CO, USA},
	title = {A ray tracing method for predicting path loss and delay spread in microcellular environments},
    publisher = {IEEE},
    year = {1992},
    pages = {932--935}
}


@misc{structure_of_microstrip,
	title = {Microstrip},
	journal = {Wikipedia},
	year = {2024},
    url = {https://en.wikipedia.org/w/index.php?title=Microstrip&oldid=1212007505}
}


@misc{antenna_designer_operation,
	title = {Design and {Analysis} {Using} {Antenna} {Designer} - {MATLAB} \& {Simulink} - {MathWorks} {Deutschland}},
	url = {https://de.mathworks.com/help/antenna/gs/antenna-design-and-analysis-using-antenna-designer-app.html}
}


@misc{Johnson_nyquist_noise,
	title = {Johnson–{Nyquist} noise},
	journal = {Wikipedia},
	year = {2024},
    url = {https://en.wikipedia.org/w/index.php?title=Johnson%E2%80%93Nyquist_noise&oldid=1224872796},
}

@misc{rcs,
	title = {Understanding {Radar} cross-section and its importance in {Radar} system design},
    year = {2024},
	url = {https://community.infineon.com/t5/Knowledge-Base-Articles/Understanding-Radar-cross-section-and-its-importance-in-Radar-system-design/ta-p/750637}
}

@misc{path_loss,
    author = {Stephan ten Brink},
	title = {Lecture slides in Communication III},
    organization = {Institute of Telecommunications, University of Stuttgart},
	year = {2020},
    pages = {22--27}
}

@misc{beat_frequence_signal,
	title = {Envelope of Beat Production},
	url = {http://hyperphysics.phy-astr.gsu.edu/hbase/Sound/beat.html},
}

@techreport{doerry_reflectors_2014,
    author = {Doerry, Armin},
	title = {Reflectors for {SAR} performance testing-second edition},
    year = {2014},
    pages = {9--11},
	url = {https://www.osti.gov/servlets/purl/1204079/}
}

@phdthesis{hafner_parameter_2021,
    author = {Haefner, Stephan},
    collaborator = {{Thüringer Universitäts- Und Landesbibliothek Jena} and Thomä, Reiner and Waldschmidt, Christian and Weigel, Robert},
	title = {Parameter estimation for broadband mm-wave {FMCW} {MIMO} radars - a model-based system identification perspectiv},
    school = {TU Ilmenau},
    year = {2021},
    pages = {51--56}
}

@article{kronauge_new_2014,
    author = {Kronauge, Matthias and Rohling, Hermann},
	title = {New chirp sequence radar waveform},
    journal = {IEEE Transactions on Aerospace and Electronic Systems},
    year = {2014},
	volume = {50},
    pages = {2871--2872},
    url = {http://ieeexplore.ieee.org/document/6978884/}
}

@book{richards_principles_2010,
    editor = {Richards, M. A. and Scheer, Jim and Holm, William A. and Melvin, William L.},
    title = {Principles of modern radar},
    publisher = {SciTech Pub},
    year = {2010},
    pages = {59--66}
}

@inproceedings{ouza_simple_2017,
    author = {Ouza, Monika and Ulrich, Michael and {Bin Yang}},
    title = {A simple radar simulation tool for {3D} objects based on blender},
    booktitle = {2017 18th {International} {Radar} {Symposium} ({IRS})},
    publisher = {IEEE},
    year = {2017},
    pages = {2--3}
}

@article{hinderer_indoor_2023,
    author = {Hinderer, Sven and Schlachter, Pascal and Yu, Zhibin and Wu, Xiaofeng and Yang, Bin},
	title = {Indoor {Positioning} based on {Active} {Radar} {Sensing} and {Passive} {Reﬂectors}: {Reﬂector} {Placement} {Optimization}},
    year = {2023},
    pages = {1--7}
}

@misc{schlachter_indoor_2024,
    author = {Schlachter, Pascal and Yu, Zhibin and Iqbal, Naveed and Wu, Xiaofeng and Hinderer, Sven and Yang, Bin},
	title = {Indoor {Positioning} based on {Active} {Radar} {Sensing} and {Passive} {Reflectors}: {Concepts} \& {Initial} {Results}},
	shorttitle = {Indoor {Positioning} based on {Active} {Radar} {Sensing} and {Passive} {Reflectors}},
    publisher = {arXiv},
    year = {2024},
    pages = {1--16},
	url = {http://arxiv.org/abs/2310.04231}
}
