
@misc{noauthor_design_nodate,
	title = {Design and {Analysis} {Using} {Antenna} {Designer} - {MATLAB} \& {Simulink} - {MathWorks} {Deutschland}},
	url = {https://de.mathworks.com/help/antenna/gs/antenna-design-and-analysis-using-antenna-designer-app.html},
	urldate = {2024-06-23},
	keywords = {antenna\_designer\_operation},
	file = {Design and Analysis Using Antenna Designer - MATLAB & Simulink - MathWorks Deutschland:/Users/yinzheming/Zotero/storage/9UWRINXJ/antenna-design-and-analysis-using-antenna-designer-app.html:text/html},
}
