
@misc{noauthor_furniture_nodate,
	title = {Furniture {Free} {3D} {Models} {Blender} - .blend download - {Free3D}},
	url = {https://free3d.com/3d-models/blender-furniture},
	urldate = {2024-06-23},
	keywords = {blender\_furniture},
	file = {Furniture Free 3D Models Blender - .blend download - Free3D:/Users/yinzheming/Zotero/storage/AQXND7MZ/blender-furniture.html:text/html},
}
