
@misc{foundation_blenderorg_nodate,
	title = {blender.org - {Home} of the {Blender} project - {Free} and {Open} {3D} {Creation} {Software}},
	url = {https://www.blender.org/},
	abstract = {The Freedom to Create},
	language = {en},
	urldate = {2024-07-03},
	journal = {blender.org},
	author = {Foundation, Blender},
	keywords = {blender},
	file = {Snapshot:/Users/yinzheming/Zotero/storage/EMQSCC9E/www.blender.org.html:text/html},
}
