
@misc{noauthor_spherical_nodate,
	title = {Spherical {Coordinates} - {MATLAB} \& {Simulink} - {MathWorks} {Deutschland}},
	url = {https://de.mathworks.com/help/phased/ug/spherical-coordinates.html},
	urldate = {2024-06-23},
	keywords = {coordinate definition},
	file = {Spherical Coordinates - MATLAB & Simulink - MathWorks Deutschland:/Users/yinzheming/Zotero/storage/8IV9Z2WB/spherical-coordinates.html:text/html},
}
