
@misc{noauthor_constant_nodate,
	title = {Constant {False} {Alarm} {Rate} ({CFAR}) {Detection} - {MATLAB} \& {Simulink} - {MathWorks} {Deutschland}},
	url = {https://de.mathworks.com/help/phased/ug/constant-false-alarm-rate-cfar-detection.html},
	urldate = {2024-06-23},
	keywords = {car\_cut},
	file = {Constant False Alarm Rate (CFAR) Detection - MATLAB & Simulink - MathWorks Deutschland:/Users/yinzheming/Zotero/storage/KWD7M96E/constant-false-alarm-rate-cfar-detection.html:text/html},
}
