
@misc{ag_bgt60tr13c_nodate,
	title = {{BGT60TR13C} {\textbar} {XENSIV}™ {60GHz} radar sensor for advanced sensing - {Infineon} {Technologies}},
	url = {https://www.infineon.com/cms/en/product/sensor/radar-sensors/radar-sensors-for-iot/60ghz-radar/bgt60tr13c/},
	abstract = {XENSIV™ 60GHz radar sensor for advanced sensing},
	language = {en},
	urldate = {2024-06-23},
	author = {AG, Infineon Technologies},
	keywords = {antenna\_datasheet\_1},
	file = {Snapshot:/Users/yinzheming/Zotero/storage/PUAHRQ5V/bgt60tr13c.html:text/html},
}
