
@misc{noauthor_display_nodate,
	title = {Display or compute line-of-sight ({LOS}) visibility status - {MATLAB} los - {MathWorks} {Deutschland}},
	url = {https://de.mathworks.com/help/antenna/ref/txsite.los.html},
	urldate = {2024-06-23},
	keywords = {los\_function},
	file = {Display or compute line-of-sight (LOS) visibility status - MATLAB los - MathWorks Deutschland:/Users/yinzheming/Zotero/storage/AHREC76J/txsite.los.html:text/html},
}
