
@misc{noauthor_maximizing_nodate,
	title = {Maximizing {Gain} and {Improving} {Impedance} {Bandwidth} of {E}-{Patch} {Antenna} - {MATLAB} \& {Simulink} - {MathWorks} {Deutschland}},
	url = {https://de.mathworks.com/help/antenna/ug/maximizing-gain-and-improving-impedance-bandwidth-of-e-patch-antenna.html},
	urldate = {2024-06-23},
	keywords = {optimization},
	file = {Maximizing Gain and Improving Impedance Bandwidth of E-Patch Antenna - MATLAB & Simulink - MathWorks Deutschland:/Users/yinzheming/Zotero/storage/VMQFLBV4/maximizing-gain-and-improving-impedance-bandwidth-of-e-patch-antenna.html:text/html},
}
