
@misc{noauthor_create_nodate,
	title = {Create regular or {AI}-based microstrip patch antenna - {MATLAB} - {MathWorks} {Deutschland}},
	url = {https://de.mathworks.com/help/antenna/ref/patchmicrostrip.html},
	urldate = {2024-06-23},
	keywords = {patchmictostrip},
	file = {Create regular or AI-based microstrip patch antenna - MATLAB - MathWorks Deutschland:/Users/yinzheming/Zotero/storage/5BIA78WL/patchmicrostrip.html:text/html},
}
