
@misc{noauthor_how_2020,
	title = {How to {Convert} a {Quaternion} to a {Rotation} {Matrix} â€“ {Automatic} {Addison}},
	url = {https://automaticaddison.com/how-to-convert-a-quaternion-to-a-rotation-matrix/},
	language = {en-US},
	urldate = {2024-06-23},
	month = sep,
	year = {2020},
	keywords = {quaternion\_transform},
	file = {Snapshot:/Users/yinzheming/Zotero/storage/U54Y7VH3/how-to-convert-a-quaternion-to-a-rotation-matrix.html:text/html},
}
