
@inproceedings{schaubach_ray_1992,
	address = {Denver, CO, USA},
	title = {A ray tracing method for predicting path loss and delay spread in microcellular environments},
	isbn = {978-0-7803-0673-8},
	url = {http://ieeexplore.ieee.org/document/245274/},
	doi = {10.1109/VETEC.1992.245274},
	urldate = {2024-06-23},
	booktitle = {[1992 {Proceedings}] {Vehicular} {Technology} {Society} 42nd {VTS} {Conference} - {Frontiers} of {Technology}},
	publisher = {IEEE},
	author = {Schaubach, K.R. and Davis, N.J. and Rappaport, T.S.},
	year = {1992},
	keywords = {ray tracer inputs},
	pages = {932--935},
}
