
@misc{granite_rayleigh_nodate,
	title = {Rayleigh {Criterion} for {Microscope} {Resolution}},
	url = {https://www.edinst.com/blog/the-rayleigh-criterion-for-microscope-resolution/},
	abstract = {The lateral resolution of fluorescence and Raman microscopes is frequently calculated using the famous Rayleigh Criterion for resolution.},
	language = {en-GB},
	urldate = {2024-07-19},
	journal = {Edinburgh Instruments},
	author = {{Granite}},
	file = {Snapshot:/Users/yinzheming/Zotero/storage/EWI356DN/the-rayleigh-criterion-for-microscope-resolution.html:text/html},
}
