
@misc{noauthor_create_nodate,
	title = {Create {RF} propagation ray - {MATLAB} - {MathWorks} {Deutschland}},
	url = {https://de.mathworks.com/help/comm/ref/comm.ray.html},
	urldate = {2024-06-23},
	keywords = {rays' properties},
	file = {Create RF propagation ray - MATLAB - MathWorks Deutschland:/Users/yinzheming/Zotero/storage/YY647K6D/comm.ray.html:text/html},
}
