
@article{yun_ray_2015,
	title = {Ray {Tracing} for {Radio} {Propagation} {Modeling}: {Principles} and {Applications}},
	volume = {3},
	copyright = {https://ieeexplore.ieee.org/Xplorehelp/downloads/license-information/OAPA.html},
	issn = {2169-3536},
	shorttitle = {Ray {Tracing} for {Radio} {Propagation} {Modeling}},
	url = {http://ieeexplore.ieee.org/document/7152831/},
	doi = {10.1109/ACCESS.2015.2453991},
	urldate = {2024-07-03},
	journal = {IEEE Access},
	author = {Yun, Zhengqing and Iskander, Magdy F.},
	year = {2015},
	keywords = {raytracer},
	pages = {1089--1100},
}
