
@misc{noauthor_understanding_2024,
	title = {Understanding {Radar} cross-section and its importance in {Radar} system design},
	url = {https://community.infineon.com/t5/Knowledge-Base-Articles/Understanding-Radar-cross-section-and-its-importance-in-Radar-system-design/ta-p/750637},
	abstract = {This article delves into the concept of Radar Cross-Section (RCS), exploring its definition, function, and relevance in radar technology.  What is a Radar Cross Section? Â  Radar cross-section (RCS) is the measure of a target's ability to reflect radar signals in the direction of the radar receiver. ...},
	language = {en},
	urldate = {2024-06-23},
	month = apr,
	year = {2024},
	note = {Section: Knowledge Base Articles},
	keywords = {radar cross section},
	file = {Snapshot:/Users/yinzheming/Zotero/storage/TUUTZUP6/750637.html:text/html},
}
