
@misc{noauthor_calculate_nodate,
	title = {Calculate and plot monostatic and bistatic radar cross section ({RCS}) of platform, antenna, or array - {MATLAB} rcs - {MathWorks} {Deutschland}},
	url = {https://de.mathworks.com/help/antenna/ref/cavity.rcs.html},
	urldate = {2024-06-23},
	keywords = {rcs\_plausibility},
	file = {Calculate and plot monostatic and bistatic radar cross section (RCS) of platform, antenna, or array - MATLAB rcs - MathWorks Deutschland:/Users/yinzheming/Zotero/storage/JQKTMR5R/cavity.rcs.html:text/html},
}
