
@misc{noauthor_waypoint_nodate,
	title = {Waypoint trajectory generator - {MATLAB} - {MathWorks} {Deutschland}},
	url = {https://de.mathworks.com/help/nav/ref/waypointtrajectory-system-object.html},
	urldate = {2024-06-23},
	keywords = {trajectory\_generation},
	file = {Waypoint trajectory generator - MATLAB - MathWorks Deutschland:/Users/yinzheming/Zotero/storage/W8SWTFTC/waypointtrajectory-system-object.html:text/html},
}
